<?xml version="1.0" encoding="UTF-8"?><collection xmlns="http://www.loc.gov/MARC21/slim"><record><leader>00484nam--2200169-i-4500</leader><controlfield tag="001">000002226</controlfield><controlfield tag="002">20161230</controlfield><controlfield tag="005">20161230201024</controlfield><controlfield tag="008">060222s1000------------r-----000-0-eng-d</controlfield><datafield ind1=" " ind2=" " tag="040"><subfield code="a">IFIN-HH</subfield></datafield><datafield ind1="1" ind2=" " tag="100"><subfield code="a">Pietreanu, Dorel</subfield></datafield><datafield ind1="1" ind2="0" tag="245"><subfield code="a">Contributions to the study of exotic atoms</subfield><subfield code="b">Teza</subfield><subfield code="c">Dorel pietreanu</subfield></datafield><datafield ind1=" " ind2=" " tag="260"><subfield code="a">Bucuresti</subfield><subfield code="b">University Of Bucharest</subfield><subfield code="c">2012</subfield></datafield><datafield ind1=" " ind2=" " tag="300"><subfield code="a">143P</subfield></datafield><datafield ind1=" " ind2=" " tag="502"><subfield code="a">Advisor: Prof. Dr. Mihai Visinescu</subfield></datafield><datafield ind1=" " ind2=" " tag="852"><subfield code="a">80199</subfield><subfield code="c">530.1</subfield></datafield><datafield ind1=" " ind2=" " tag="CAT"><subfield code="a">Sys</subfield><subfield code="c">20130219</subfield><subfield code="h">120656</subfield></datafield></record></collection>